@Manual{JAXRS20,
  title = 	 {JAX-RS: Java™ API for RESTful Web Services},
  author = 	 {Santiago Pericas-Geertsen and Marek Potociar},
  organization = {Oracle Corporation},
  edition = 	 {2.0 Final Release}
}

@Manual{JAXWS20,
  title = 	 {The Java API for XML-Based Web Services},
  author = 	 {Roberto Chinnici and Marc Hadley and Rajiv Mordani},
  organization = {Sun Microsystems},
  edition = 	 {2.0 Final Release}
}

@Manual{JAXB20,
  title = 	 {The Java™ Architecture for XML Binding (JAXB) 2.0},
  author = 	 {Sekhar Vajjhala and Joe Fialli},
  organization = {Sun Microsystems},
  year = 	 {2006},
  edition = 	 {2.0 Final Release}
}

@Book{Kalin13,
  author = 	 {Martin Kalin},
  title = 	 {Java Web Services: Up and Running},
  publisher = 	 {O’Reilly Media},
  year = 	 {2013},
  edition = 	 {second}
}

@Misc{IoCFowler,
  author = 	 {Martin Fowler},
  title = 	 {Inversion of Control Containers and the Dependency Injection pattern},
  month = 	 {1},
  year = 	 {2004}
}

@Misc{JRAPIDocHome,
  author = 	 {Tomáš Jiříček},
  title = 	 {sarzwest/jrapidoc},
  month = 	 {5},
  year = 	 {2015}
}

@Misc{JRAPIDocExampleProjHome,
  author = 	 {Tomáš Jiříček},
  title = 	 {sarzwest/jrapidoc-example-app},
  month = 	 {5},
  year = 	 {2015}
}

@Book{Maven08,
  author = 	 {Tim O'Brien and },
  title = 	 {Maven: The Definitive Guide},
  publisher = 	 {O’Reilly Media},
  year = 	 {2008},
  edition = 	 {1st}
}

@InBook{OraSOAP,
  title = 	 {Oracle® GlassFish Server Message Queue Developer's Guide for Java Client},
  chapter = 	 {Working with SOAP Messages},
  publisher = 	 {Oracle Corporation},
  year = 	 {2011}
}

@Misc{WikiSOAP,
  title = 	 {SOAP}, 
  note = 	 {\verb|http://en.wikipedia.org/wiki/SOAP|, stav z 20.\,1.\,2015}
}

@Misc{MavenHome,
  title = 	 {Maven - Welcome to Apache Maven}, 
  note = 	 {\verb|http://maven.apache.org/|, stav z 5.\,2.\,2015}
}

@Misc{ReflectionsHome,
  title = 	 {reflections - java runtime metadata analysis}, 
  note = 	 {\verb|http://code.google.com/p/reflections/|, stav z 5.\,10.\,2014}
}

@Misc{JacksonHome,
  title = 	 {FasterXML/jackson}, 
  note = 	 {\verb|https://github.com/FasterXML/jackson|, stav z 12.\,10.\,2014}
}

@Misc{JUnitHome,
  title = 	 {JUnit - About}, 
  note = 	 {\verb|http://junit.org/|, stav z 4.\,12.\,2014}
}

@Misc{JSON2HTMLHome,
  title = 	 {JSON2HTML | Transform JSON to HTML}, 
  note = 	 {\verb|http://json2html.com/|, stav z 23.\,1.\,2015}
}

@Misc{AntHome,
  title = 	 {Apache Ant}, 
  note = 	 {\verb|http://ant.apache.org/|, stav z 5.\,2.\,2015}
}

@Misc{SwaggerHome,
  title = 	 {Swagger | The World's Most Popular Framework for APIs}, 
  note = 	 {\verb|http://swagger.io/|, stav z 5.\,11.\,2014}
}

@Misc{MiredotHome,
  title = 	 {MireDot | REST API Documentation Generator for Java}, 
  note = 	 {\verb|http://www.miredot.com/|, stav z 7.\,11.\,2014}
}

@Misc{SoapUIHome,
  title = 	 {SoapUI - The Home of Functional Testing}, 
  note = 	 {\verb|http://www.soapui.org/|, stav z 7.\,11.\,2014}
}

@Misc{RESTEasyHome,
  title = 	 {RESTEasy - JBoss Community}, 
  note = 	 {\verb|http://resteasy.jboss.org/|, stav z 15.\,11.\,2014}
}

@Misc{PlexusHome,
  title = 	 {Plexus - Plexus}, 
  note = 	 {\verb|http://plexus.codehaus.org/|, stav z 4.\,2.\,2015}
}

@Misc{JavaHome,
  title = 	 {Java SE - Downloads | Oracle Technology Network | Oracle}, 
  note = 	 {\verb|http://www.oracle.com/technetwork/java/javase/downloads|, stav z 4.\,2.\,2015}
}

@Misc{RedHatHome,
  title = 	 {Red Hat | The world's open source leader}, 
  note = 	 {\verb|http://www.redhat.com|, stav z 26.\,4.\,2015}
}

@Misc{CAHome,
  title = 	 {CA Technologies — Business Rewritten by Software}, 
  note = 	 {\verb|http://www.ca.com|, stav z 28.\,4.\,2015}
}

@Misc{UNSPSC,
  title = 	 {United Nations Standard Products and Services Code}, 
  note = 	 {\verb|http://en.wikipedia.org/wiki/UNSPSC|, stav z 22.\,1.\,2015}
}

@Misc{SIC,
  title = 	 {Standard Industrial Classification}, 
  note = 	 {\\ \verb|http://en.wikipedia.org/wiki/Standard_Industrial_Classification|, stav z 22.\,1.\,2015}
}

@Misc{ApacheLic04,
  title = 	 {Apache License}, 
  note = 	 {\verb|http://www.apache.org/licenses/LICENSE-2.0.txt|},
  year =	{2004}
}

@Misc{EUPL07,
  title = 	 {European Union Public Licence}, 
  note = 	 {\\ \verb|http://joinup.ec.europa.eu/system/files/EN/EUPL%20v.1.1%20-%20Licence.pdf|},
  year =	{2007}
}

@PhdThesis{Fielding00,
  author = 	 {Roy Thomas Fielding},
  title = 	 {Architectural Styles and the Design of Network-based Software Architectures},
  school = 	 {UNIVERSITY OF CALIFORNIA, IRVINE},
  year = 	 {2000}
}

@Book{Burke14,
  author = 	 {Bill Burke},
  title = 	 {RESTful Java with JAX-RS 2.0},
  publisher = 	 {O’Reilly Media},
  year = 	 {2014},
  edition = 	 {Second}
}
% Pokud potrebujeme BibTeXu napovedet, kde je nutne zachovat velka a mala 
% pismena, je potreba pouzit slozene zavorky {}. 
% Vetsinou jde o zkratky a vlastnich jmena, ktera nejsou na zacatku nazvu 
% publikace, pripadne o nazvy maker (viz napr. makro \LaTeX).

@Misc{Weber04,
  author = "Martin Weber",
  title  = "Auto{T}race: {A} utility for converting bitmap into vector graphics",
  note   = "\verb|http://autotrace.sourceforge.net|",
  year   = 2004,
}

@InProceedings{Weiss99,
  author    = "Yair Weiss",
  title     = "Segmentation using eigenvectors: {A} unifying view",
  booktitle = "Processings of IEEE International Conference on Computer Vision",
  editor    = "Kim Zheng",
  pages     = "975--982",
  year      =  1999,
}

@InProceedings{Nam04,
  author = 	  {Young Jin Nam and Chanik Park},
  title = 	  {An efficient fair queuing algorithm for guaranteed disk bandwidth},
  booktitle =     {Euro-Par 2004 Parallel Processing},
  year =	  {2004},
  editor =	  {M. Danelutto and D. Laforenza and M. Vanneschi},
  month =	  {august},
  series =	  {Lecture Notes in Computer Science},
  number =	  3149,
  pages =	  {799-802},
  publisher =     {Springer Verlag, 2004},
}

@Misc{latexdocweb,
  key    = "web:latexdocweb",
  author = "",
  title  = "{\LaTeX} --- online manuál",
  note   = "\\ \verb|http://www.cstug.cz/latex/lm/frames.html|, stav ze 4.\,5.\,2009",
}


@Misc{infodp,
  key    = "web:infodp",
  author = "",
  title  = "K336 {I}nfo --- pokyny pro psaní diplomových prací",
  note   = "\\ \verb|https://info336.felk.cvut.cz/clanek.php?id=400|, stav ze 4.\,5.\,2009",
}

@Misc{infobp,
  key    = "web:infobp",
  author = "",
  title  = "K336 {I}nfo --- pokyny pro psaní bakalářských prací",
  note   = "\\ \verb|https://info336.felk.cvut.cz/clanek.php?id=504|, stav ze 4.\,5.\,2009",
}

%
@Misc{ipe,
  key    = "web:ipe",
  author = "",
  title  = "Grafický vektorový editor pro práce vhodný pro práci {\LaTeX}em",
  note   = "\\ \verb|http://tclab.kaist.ac.kr/ipe/|, stav z 4.\,5.\,2009",
}

@Misc{info,
  key    = "web:info",
  author = "",
  title  = "K336 {I}nfo",
  note   = "\\ \verb|  http://info336.felk.cvut.cz|, stav ze 4.\,5.\,2009",
}

@Misc{latexutf,
  key = "web:latexutf",
  author = "",
  title =  "Wiki Books {\LaTeX}/{I}nternationalization",
  note =   "\\ \verb|http://en.wikibooks.org/wiki/LaTeX/Internationalization|, stav z 1.\,5.\,2009",
}


@Misc{latexwiki,
  key    = "web:latexwiki",
  author = "",
  title  = "Wiki Books {\LaTeX}",
  note   = "\\ \verb|http://en.wikibooks.org/wiki/LaTeX/|, stav z 3.\,4.\,2009",
}

@Misc{dp_mendel,
  key = "web:dpmendel",
  author =       "",
  title =        "Pokyny pro psaní {DP} na {M}endelově univerzitě v {B}rně",
  note =         "\\ \verb|http://old.mendelu.cz/~rybicka/zpract/#diplomky|, stav z 1.\,2.\,2008",
}

@COMMENT( The references below have first names abridged. Do not follow this,
use full names whenever possible, BibTeX style will do the appropriate unifications. )

@Book{kniha,
  author =       "J. Žára and B. Beneš and P. Felkel",
  title =        "Moderní počítačová grafika",
  publisher =    "Computer Press s.r.o, Brno",
  edition =      "1st",
  year   = 1998,
  note =	"In Czech",
}

@Article{clanek,
  author =       "P. Slavík",
  title =        "Grammars and Rewriting Systems as Models for Graphical User Interfaces",
  journal =      "Cognitive Systems",
  pages =        "381--399",
  volume =       4,
  number =       "3/4",
  year =         1997,
}

@COMMENT( It is always better to use TeX diacritical escape sequences, 
e.g. {\'{L}}, in the bibliography database, making it encoding independent 
and thus compilable under different document encoding settings. 
Do not follow these examples! )

@InProceedings{sbornik,
  author = 	  "M. Haindl and {\'{L}}. Kment and  P. Slavík",
  title = 	  "Virtual Information Systems",
  booktitle =     "WSCG'2000 --- Short communication papers",
  year =	  2000,
  pages =	  "22--27",
  publisher =     "University of West Bohemia, Pilsen",
}

@Misc{www,
  key = "web:infogs",
  author =       "",
  title =        "Knihovna {G}rafické skupiny",
  note =         "\\ \verb|http://www.cgg.cvut.cz/Bib/library/|, stav z 30.\,8.\,2001",
}


@COMMENT(Another example of www sources referencing, posted by Petr Dlouhy April 2010)

@ONLINE{wiki:framework,
  author = "{Přispěvatelé Wikipedie}",
  title = "Framework",
  cited = "10.\,9.\,2009",
  year =         2009,
  url = "http://cs.wikipedia.org/wiki/Framework"
  }

@ONLINE{wiki:orm,
  author = "{Přispěvatelé Wikipedie}",
  title = "Object-relational mapping",
  cited = "6.\,12.\,2009",
  year =         2009,
  url = "http://en.wikipedia.org/wiki/Object-relational_mapping"
  }


